@unpublished{Simpson,
        author = "H. Simpson",
        title = "Proof of the {R}iemann {H}ypothesis",
        note = "preprint (2003), available at
        \texttt{http://www.math.drofnats.edu/riemann.ps}",
        year = "2003"
}

@article{brin1998,
  title={The anatomy of a large-scale hypertextual web search engine},
  author={Brin, Sergey and Page, Lawrence},
  journal={Computer Networks and ISDN Systems},
  volume={30},
  pages={107â€“-117},
  year={1998}
}

@inproceedings{mihalcea2004textrank,
  title={TextRank: Bringing order into texts},
  author={Mihalcea, Rada and Tarau, Paul},
  year={2004},
  pages={404--401},
  note={http://www.aclweb.org/anthology/W04-3252},
  organization={Association for Computational Linguistics},
  address={Barcelona, Spain}
}

@inproceedings{hulth2003improved,
  title={Improved automatic keyword extraction given more linguistic knowledge},
  author={Hulth, Anette},
  booktitle={Proceedings of the 2003 conference on Empirical methods in natural language processing},
  pages={216--223},
  year={2003},
  organization={Association for Computational Linguistics}
}

@book{CroftMetzlerStrohman,
        title = {Search Engine Information Retrieval in Practice},
        author = {W.B. Croft, D. Metzler, T. Strohman},        
        year = {2015},
        publisher = {Pearson Education}
}

@book{buttcher2016information,
  title={Information retrieval: Implementing and evaluating search engines},
  author={B{\"u}ttcher, Stefan and Clarke, Charles LA and Cormack, Gordon V},
  year={2016},
  publisher={Mit Press}
}

@misc{svm,
  title = {SVM light. (n.d.) Retrieved December 13, 2016, from http://www.cs.cornell.edu/People/tj/svm\_light/},
  url = {{http://www.cs.cornell.edu/People/tj/svm_light/}},
  urldate = {2016-12-13}
 }

@misc{svm-example,
  title = {Classifying Reuters-21578 collection with Python. (n.d.) Retrieved December 14, 2016, from https://miguelmalvarez.com/2015/03/20/classifying-reuters-21578-collection-with-python-representing-the-data/},
  url = {{https://miguelmalvarez.com/2015/03/20/classifying-reuters-21578-collection-with-python-representing-the-data/}},
  urldate = {2016-12-13}
 }